@book {gunnar,
    author  = "Wolf, G.",
    title   = "Fundamentos de sistemas operativos",
    journal = "Lulu.com",
    year    = "2015",
    pages   = "320",
}

@online{miguel,
author={Miguel Alonso},
  title = {Virtualización de sistemas: máquinas virtuales frente a contenedores} ,
  url = {https://blog.aitana.es/2016/06/16/virtualizacion-de-sistemas-maquinas-virtuales-frente-a-contenedores/},
  note = {Accessed: 2019-05-17}
}

@online{know,
author={Know How},
  title = {Docker y otros container: más allá de la virtualización} ,
  url = {https://www.ionos.es/digitalguide/servidores/know-how/docker-container-las-ventajas-de-los-contenedores-web/},
  note = {Accessed: 2019-05-17}
  
}

@online{campus,
author={Campus MVP},
  title = {Los beneficios de utilizar Docker y contenedores a la hora de programar} ,
  url = {https://www.campusmvp.es/recursos/post/los-beneficios-de-utilizar-docker-y-contenedores-a-la-hora-de-programar.aspx},
  note = {Accessed: 2019-05-17}
  
}




